<?xml version="1.0" encoding="UTF-8"?>
<record>
  <leader>-----nas--2200529-i-4500</leader>
  <controlfield tag="001">99371147104906441</controlfield>
  <controlfield tag="005">20230429213018.0</controlfield>
  <controlfield tag="006">m-----o--d--------</controlfield>
  <controlfield tag="007">cr-|||||||||||</controlfield>
  <controlfield tag="008">220118c20219999li-fr-j-o-----0----0eng-c</controlfield>
  <datafield tag="010" ind1=" " ind2=" ">
    <subfield code="a">  2022243124</subfield>
  </datafield>
  <datafield tag="022" ind1=" " ind2=" ">
    <subfield code="a">2783-6207</subfield>
  </datafield>
  <datafield tag="035" ind1=" " ind2=" ">
    <subfield code="a">(OCoLC)1294170936</subfield>
  </datafield>
  <datafield tag="035" ind1=" " ind2=" ">
    <subfield code="a">(CKB)4100000012339078</subfield>
  </datafield>
  <datafield tag="035" ind1=" " ind2=" ">
    <subfield code="a">(CONSER)--2022243124</subfield>
  </datafield>
  <datafield tag="035" ind1=" " ind2=" ">
    <subfield code="a">(EXLCZ)994100000012339078</subfield>
  </datafield>
  <datafield tag="042" ind1=" " ind2=" ">
    <subfield code="a">pcc</subfield>
  </datafield>
  <datafield tag="043" ind1=" " ind2=" ">
    <subfield code="a">e-li---</subfield>
  </datafield>
  <datafield tag="050" ind1=" " ind2="4">
    <subfield code="a">Q350</subfield>
  </datafield>
  <datafield tag="210" ind1="1" ind2=" ">
    <subfield code="a">Inf., Media</subfield>
    <subfield code="b">(Online)</subfield>
  </datafield>
  <datafield tag="222" ind1=" " ind2="0">
    <subfield code="a">Information &amp; Media</subfield>
    <subfield code="b">(Online)</subfield>
  </datafield>
  <datafield tag="245" ind1="0" ind2="0">
    <subfield code="a">Information &amp; media.</subfield>
  </datafield>
  <datafield tag="246" ind1="1" ind2=" ">
    <subfield code="a">Information and media</subfield>
  </datafield>
  <datafield tag="264" ind1=" " ind2="1">
    <subfield code="a">Vilnius :</subfield>
    <subfield code="b">Vilnius University Press,</subfield>
    <subfield code="c">2021-</subfield>
  </datafield>
  <datafield tag="300" ind1=" " ind2=" ">
    <subfield code="a">1 online resource</subfield>
  </datafield>
  <datafield tag="310" ind1=" " ind2=" ">
    <subfield code="a">Semiannual</subfield>
  </datafield>
  <datafield tag="336" ind1=" " ind2=" ">
    <subfield code="a">text</subfield>
    <subfield code="b">txt</subfield>
    <subfield code="2">rdacontent</subfield>
  </datafield>
  <datafield tag="337" ind1=" " ind2=" ">
    <subfield code="a">computer</subfield>
    <subfield code="b">c</subfield>
    <subfield code="2">rdamedia</subfield>
  </datafield>
  <datafield tag="338" ind1=" " ind2=" ">
    <subfield code="a">online resource</subfield>
    <subfield code="b">cr</subfield>
    <subfield code="2">rdacarrier</subfield>
  </datafield>
  <datafield tag="362" ind1="1" ind2=" ">
    <subfield code="a">Began with: Vol. 91 (2021).</subfield>
  </datafield>
  <datafield tag="500" ind1=" " ind2=" ">
    <subfield code="a">Refereed/Peer-reviewed</subfield>
  </datafield>
  <datafield tag="506" ind1="0" ind2=" ">
    <subfield code="f">Unrestricted online access</subfield>
    <subfield code="2">star</subfield>
  </datafield>
  <datafield tag="506" ind1="0" ind2=" ">
    <subfield code="f">Unrestricted online access.</subfield>
    <subfield code="2">star</subfield>
  </datafield>
  <datafield tag="588" ind1="0" ind2=" ">
    <subfield code="a">Vol. 91 (2021); title from cover PDF (publisher's web site, viewed August 15, 2022).</subfield>
  </datafield>
  <datafield tag="588" ind1="1" ind2=" ">
    <subfield code="a">Vol. 93 (2022) (publisher's web site, viewed August 15, 2022).</subfield>
  </datafield>
  <datafield tag="650" ind1=" " ind2="0">
    <subfield code="a">Information technology</subfield>
    <subfield code="v">Periodicals.</subfield>
  </datafield>
  <datafield tag="650" ind1=" " ind2="0">
    <subfield code="a">Communication</subfield>
    <subfield code="v">Periodicals.</subfield>
  </datafield>
  <datafield tag="650" ind1=" " ind2="0">
    <subfield code="a">Mass media</subfield>
    <subfield code="v">Periodicals.</subfield>
  </datafield>
  <datafield tag="650" ind1=" " ind2="0">
    <subfield code="a">Science</subfield>
    <subfield code="z">Lithuania</subfield>
    <subfield code="x">Information services</subfield>
    <subfield code="v">Periodicals.</subfield>
  </datafield>
  <datafield tag="650" ind1=" " ind2="7">
    <subfield code="a">Communication.</subfield>
    <subfield code="2">fast</subfield>
    <subfield code="0">(OCoLC)fst00869952</subfield>
  </datafield>
  <datafield tag="650" ind1=" " ind2="7">
    <subfield code="a">Information technology.</subfield>
    <subfield code="2">fast</subfield>
    <subfield code="0">(OCoLC)fst00973089</subfield>
  </datafield>
  <datafield tag="650" ind1=" " ind2="7">
    <subfield code="a">Mass media.</subfield>
    <subfield code="2">fast</subfield>
    <subfield code="0">(OCoLC)fst01011219</subfield>
  </datafield>
  <datafield tag="650" ind1=" " ind2="7">
    <subfield code="a">Science</subfield>
    <subfield code="x">Information services.</subfield>
    <subfield code="2">fast</subfield>
    <subfield code="0">(OCoLC)fst01108282</subfield>
  </datafield>
  <datafield tag="651" ind1=" " ind2="7">
    <subfield code="a">Lithuania.</subfield>
    <subfield code="2">fast</subfield>
    <subfield code="0">(OCoLC)fst01227863</subfield>
  </datafield>
  <datafield tag="655" ind1=" " ind2="7">
    <subfield code="a">Periodicals.</subfield>
    <subfield code="2">fast</subfield>
    <subfield code="0">(OCoLC)fst01411641</subfield>
  </datafield>
  <datafield tag="655" ind1=" " ind2="7">
    <subfield code="a">Periodicals.</subfield>
    <subfield code="2">lcgft</subfield>
  </datafield>
  <datafield tag="710" ind1="2" ind2=" ">
    <subfield code="a">Vilniaus Universitetas,</subfield>
    <subfield code="e">issuing body.</subfield>
  </datafield>
  <datafield tag="906" ind1=" " ind2=" ">
    <subfield code="a">JOURNAL</subfield>
  </datafield>
  <datafield tag="MBD" ind1=" " ind2=" ">
    <subfield code="M">49HBZ_NETWORK</subfield>
    <subfield code="i">99371147104906441</subfield>
    <subfield code="n">HBZ Network</subfield>
  </datafield>
  <datafield tag="MBD" ind1=" " ind2=" ">
    <subfield code="M">49HBZ_FSW</subfield>
    <subfield code="i">9916258194806461</subfield>
    <subfield code="n">Fachhochschule Südwestfalen</subfield>
  </datafield>
  <datafield tag="MBD" ind1=" " ind2=" ">
    <subfield code="M">49HBZ_FHA</subfield>
    <subfield code="i">991005885283006444</subfield>
    <subfield code="n">Hochschulbibliothek der FH Aachen</subfield>
  </datafield>
  <datafield tag="MBD" ind1=" " ind2=" ">
    <subfield code="M">49HBZ_BRS</subfield>
    <subfield code="i">991005705885506452</subfield>
    <subfield code="n">Hochschule Bonn-Rhein-Sieg</subfield>
  </datafield>
  <datafield tag="MBD" ind1=" " ind2=" ">
    <subfield code="M">49HBZ_UBD</subfield>
    <subfield code="i">991013572431006445</subfield>
    <subfield code="n">Technische Universität Dortmund</subfield>
  </datafield>
  <datafield tag="MBD" ind1=" " ind2=" ">
    <subfield code="M">49HBZ_ULB</subfield>
    <subfield code="i">991045256535106467</subfield>
    <subfield code="n">Universitaet Bonn</subfield>
  </datafield>
  <datafield tag="MBD" ind1=" " ind2=" ">
    <subfield code="M">49HBZ_BIE</subfield>
    <subfield code="i">991025971926406442</subfield>
    <subfield code="n">Universität Bielefeld</subfield>
  </datafield>
  <datafield tag="MBD" ind1=" " ind2=" ">
    <subfield code="M">49HBZ_UBK</subfield>
    <subfield code="i">991055606929906476</subfield>
    <subfield code="n">Universität Köln</subfield>
  </datafield>
  <datafield tag="MBD" ind1=" " ind2=" ">
    <subfield code="M">49HBZ_ULM</subfield>
    <subfield code="i">991044919564006449</subfield>
    <subfield code="n">Universität Münster</subfield>
  </datafield>
  <datafield tag="MNG" ind1=" " ind2=" ">
    <subfield code="c">system</subfield>
    <subfield code="f">CKB</subfield>
    <subfield code="i">marc21</subfield>
    <subfield code="e">false</subfield>
    <subfield code="d">2023-05-27 23:23:37 Europe/Berlin</subfield>
    <subfield code="g">994100000012339078</subfield>
    <subfield code="a">CKB</subfield>
    <subfield code="b">2022-01-24 00:05:51 Europe/Berlin</subfield>
  </datafield>
  <datafield tag="POR" ind1=" " ind2=" ">
    <subfield code="j">DOAJ Directory of Open Access Journals</subfield>
    <subfield code="x">System</subfield>
    <subfield code="a">5390318570006461</subfield>
    <subfield code="h">EZproxy</subfield>
    <subfield code="M">49HBZ_FSW</subfield>
    <subfield code="p">6187988180006461</subfield>
    <subfield code="q">DOAJ Directory of Open Access Journals</subfield>
    <subfield code="c">param</subfield>
    <subfield code="o">61111061245432000</subfield>
    <subfield code="y">2023-01-16 17:11:51 Europe/Berlin</subfield>
    <subfield code="w">2023-01-16 17:11:51 Europe/Berlin</subfield>
    <subfield code="D">https://eu04.alma.exlibrisgroup.com/view/uresolver/49HBZ_NETWORK/openurl?u.ignore_date_coverage=true&amp;portfolio_pid=5390318570006461&amp;Force_direct=true</subfield>
    <subfield code="v">System</subfield>
    <subfield code="z">2023-01-16 16:11:51</subfield>
    <subfield code="n"> Available from 2021.</subfield>
    <subfield code="i">true</subfield>
    <subfield code="S">6287988170006461</subfield>
    <subfield code="d">https://hbz-network.userservices.exlibrisgroup.com/view/uresolver/49HBZ_NETWORK/openurl?u.ignore_date_coverage=true&amp;rft.mms_id=9916258194806461</subfield>
    <subfield code="b">Available</subfield>
    <subfield code="f">JOURNAL</subfield>
    <subfield code="8">5390318570006461</subfield>
  </datafield>
  <datafield tag="POC" ind1=" " ind2=" ">
    <subfield code="a">5390318570006461</subfield>
    <subfield code="b">2021</subfield>
    <subfield code="d">1</subfield>
    <subfield code="f">1</subfield>
  </datafield>
  <datafield tag="POR" ind1=" " ind2=" ">
    <subfield code="j">ISSN International Centre</subfield>
    <subfield code="x">System</subfield>
    <subfield code="a">53111522090006444</subfield>
    <subfield code="M">49HBZ_FHA</subfield>
    <subfield code="p">6190458260006444</subfield>
    <subfield code="q">ROAD</subfield>
    <subfield code="c">param</subfield>
    <subfield code="o">614340000000000354</subfield>
    <subfield code="y">2023-02-14 05:33:53 Europe/Berlin</subfield>
    <subfield code="w">2023-02-14 05:33:53 Europe/Berlin</subfield>
    <subfield code="D">https://eu04.alma.exlibrisgroup.com/view/uresolver/49HBZ_NETWORK/openurl?u.ignore_date_coverage=true&amp;portfolio_pid=53111522090006444&amp;Force_direct=true</subfield>
    <subfield code="v">electronic inventory creator</subfield>
    <subfield code="z">2023-02-14 04:33:53</subfield>
    <subfield code="n"> Available from 2021.</subfield>
    <subfield code="i">false</subfield>
    <subfield code="S">6290458250006444</subfield>
    <subfield code="d">https://hbz-network.userservices.exlibrisgroup.com/view/uresolver/49HBZ_NETWORK/openurl?u.ignore_date_coverage=true&amp;rft.mms_id=991005885283006444</subfield>
    <subfield code="b">Available</subfield>
    <subfield code="f">JOURNAL</subfield>
    <subfield code="8">53111522090006444</subfield>
  </datafield>
  <datafield tag="POC" ind1=" " ind2=" ">
    <subfield code="a">53111522090006444</subfield>
    <subfield code="b">2021</subfield>
    <subfield code="d">1</subfield>
    <subfield code="f">1</subfield>
  </datafield>
  <datafield tag="POR" ind1=" " ind2=" ">
    <subfield code="j">DOAJ Directory of Open Access Journals</subfield>
    <subfield code="x">System</subfield>
    <subfield code="a">53100582450006444</subfield>
    <subfield code="M">49HBZ_FHA</subfield>
    <subfield code="p">6190456970006444</subfield>
    <subfield code="q">DOAJ</subfield>
    <subfield code="c">param</subfield>
    <subfield code="o">61111061245432000</subfield>
    <subfield code="y">2022-05-16 06:14:02 Europe/Berlin</subfield>
    <subfield code="w">2022-01-24 00:04:51 Europe/Berlin</subfield>
    <subfield code="D">https://eu04.alma.exlibrisgroup.com/view/uresolver/49HBZ_NETWORK/openurl?u.ignore_date_coverage=true&amp;portfolio_pid=53100582450006444&amp;Force_direct=true</subfield>
    <subfield code="v">electronic inventory creator</subfield>
    <subfield code="z">2022-01-23 23:04:51</subfield>
    <subfield code="n"> Available from 2021.</subfield>
    <subfield code="i">false</subfield>
    <subfield code="S">6290456960006444</subfield>
    <subfield code="d">https://hbz-network.userservices.exlibrisgroup.com/view/uresolver/49HBZ_NETWORK/openurl?u.ignore_date_coverage=true&amp;rft.mms_id=991005885283006444</subfield>
    <subfield code="b">Available</subfield>
    <subfield code="f">JOURNAL</subfield>
    <subfield code="8">53100582450006444</subfield>
  </datafield>
  <datafield tag="POC" ind1=" " ind2=" ">
    <subfield code="a">53100582450006444</subfield>
    <subfield code="b">2021</subfield>
    <subfield code="d">1</subfield>
    <subfield code="f">1</subfield>
  </datafield>
  <datafield tag="POR" ind1=" " ind2=" ">
    <subfield code="j">DOAJ Directory of Open Access Journals</subfield>
    <subfield code="x">System</subfield>
    <subfield code="a">5355783850006452</subfield>
    <subfield code="M">49HBZ_BRS</subfield>
    <subfield code="p">6155655730006452</subfield>
    <subfield code="q">DOAJ Directory of Open Access Journals</subfield>
    <subfield code="c">param</subfield>
    <subfield code="o">61111061245432000</subfield>
    <subfield code="y">2022-08-19 09:36:21 Europe/Berlin</subfield>
    <subfield code="w">2022-08-19 09:36:21 Europe/Berlin</subfield>
    <subfield code="D">https://eu04.alma.exlibrisgroup.com/view/uresolver/49HBZ_NETWORK/openurl?u.ignore_date_coverage=true&amp;portfolio_pid=5355783850006452&amp;Force_direct=true</subfield>
    <subfield code="v">System</subfield>
    <subfield code="z">2022-08-19 07:36:21</subfield>
    <subfield code="n"> Available from 2021.</subfield>
    <subfield code="i">false</subfield>
    <subfield code="S">6255655720006452</subfield>
    <subfield code="d">https://hbz-network.userservices.exlibrisgroup.com/view/uresolver/49HBZ_NETWORK/openurl?u.ignore_date_coverage=true&amp;rft.mms_id=991005705885506452</subfield>
    <subfield code="b">Available</subfield>
    <subfield code="f">JOURNAL</subfield>
    <subfield code="8">5355783850006452</subfield>
  </datafield>
  <datafield tag="POC" ind1=" " ind2=" ">
    <subfield code="a">5355783850006452</subfield>
    <subfield code="b">2021</subfield>
    <subfield code="d">1</subfield>
    <subfield code="f">1</subfield>
  </datafield>
  <datafield tag="POR" ind1=" " ind2=" ">
    <subfield code="j">EBSCOhost</subfield>
    <subfield code="x">System</subfield>
    <subfield code="a">53220694770006445</subfield>
    <subfield code="M">49HBZ_UBD</subfield>
    <subfield code="p">61206254580006445</subfield>
    <subfield code="q">Academic Search Ultimate</subfield>
    <subfield code="c">param</subfield>
    <subfield code="o">614340000000000211</subfield>
    <subfield code="y">2022-12-28 01:10:30 Europe/Berlin</subfield>
    <subfield code="w">2022-12-28 01:10:30 Europe/Berlin</subfield>
    <subfield code="D">https://eu04.alma.exlibrisgroup.com/view/uresolver/49HBZ_NETWORK/openurl?u.ignore_date_coverage=true&amp;portfolio_pid=53220694770006445&amp;Force_direct=true</subfield>
    <subfield code="v">electronic inventory creator</subfield>
    <subfield code="z">2022-12-28 00:10:30</subfield>
    <subfield code="n"> Available from 01/01/2021.</subfield>
    <subfield code="i">false</subfield>
    <subfield code="S">62206254570006445</subfield>
    <subfield code="d">https://hbz-network.userservices.exlibrisgroup.com/view/uresolver/49HBZ_NETWORK/openurl?u.ignore_date_coverage=true&amp;rft.mms_id=991013572431006445</subfield>
    <subfield code="b">Available</subfield>
    <subfield code="f">JOURNAL</subfield>
    <subfield code="8">53220694770006445</subfield>
  </datafield>
  <datafield tag="POC" ind1=" " ind2=" ">
    <subfield code="a">53220694770006445</subfield>
    <subfield code="b">2021</subfield>
    <subfield code="d">1</subfield>
    <subfield code="f">1</subfield>
  </datafield>
  <datafield tag="POR" ind1=" " ind2=" ">
    <subfield code="j">DOAJ Directory of Open Access Journals</subfield>
    <subfield code="x">System</subfield>
    <subfield code="a">53360282040006467</subfield>
    <subfield code="M">49HBZ_ULB</subfield>
    <subfield code="p">61320827720006467</subfield>
    <subfield code="q">DOAJ Directory of Open Access Journals</subfield>
    <subfield code="c">param</subfield>
    <subfield code="o">61111061245432000</subfield>
    <subfield code="y">2023-07-25 20:55:52 Europe/Berlin</subfield>
    <subfield code="w">2023-07-25 20:55:42 Europe/Berlin</subfield>
    <subfield code="D">https://eu04.alma.exlibrisgroup.com/view/uresolver/49HBZ_NETWORK/openurl?u.ignore_date_coverage=true&amp;portfolio_pid=53360282040006467&amp;Force_direct=true</subfield>
    <subfield code="v">NON_SFX_CREATOR</subfield>
    <subfield code="z">2023-07-25 18:55:42</subfield>
    <subfield code="n"> Available from 2021.</subfield>
    <subfield code="i">false</subfield>
    <subfield code="S">62320827710006467</subfield>
    <subfield code="d">https://hbz-network.userservices.exlibrisgroup.com/view/uresolver/49HBZ_NETWORK/openurl?u.ignore_date_coverage=true&amp;rft.mms_id=991045256535106467</subfield>
    <subfield code="b">Available</subfield>
    <subfield code="f">JOURNAL</subfield>
    <subfield code="8">53360282040006467</subfield>
  </datafield>
  <datafield tag="POC" ind1=" " ind2=" ">
    <subfield code="a">53360282040006467</subfield>
    <subfield code="b">2021</subfield>
    <subfield code="d">1</subfield>
    <subfield code="f">1</subfield>
  </datafield>
  <datafield tag="POR" ind1=" " ind2=" ">
    <subfield code="x">System</subfield>
    <subfield code="a">53346765620006467</subfield>
    <subfield code="M">49HBZ_ULB</subfield>
    <subfield code="p">61320827180006467</subfield>
    <subfield code="q">Free E-Journals: Baltic states</subfield>
    <subfield code="c">static</subfield>
    <subfield code="o">6184109350003831</subfield>
    <subfield code="y">2023-07-25 19:51:51 Europe/Berlin</subfield>
    <subfield code="w">2023-07-25 19:51:46 Europe/Berlin</subfield>
    <subfield code="D">https://eu04.alma.exlibrisgroup.com/view/uresolver/49HBZ_NETWORK/openurl?u.ignore_date_coverage=true&amp;portfolio_pid=53346765620006467&amp;Force_direct=true</subfield>
    <subfield code="v">NON_SFX_CREATOR</subfield>
    <subfield code="z">2023-07-25 17:51:46</subfield>
    <subfield code="n"> Available from 2022 issue: 93.</subfield>
    <subfield code="i">false</subfield>
    <subfield code="S">62320827170006467</subfield>
    <subfield code="d">https://hbz-network.userservices.exlibrisgroup.com/view/uresolver/49HBZ_NETWORK/openurl?u.ignore_date_coverage=true&amp;rft.mms_id=991045256535106467</subfield>
    <subfield code="b">Available</subfield>
    <subfield code="f">JOURNAL</subfield>
    <subfield code="e">https://www.journals.vu.lt/IM/issue/archive</subfield>
    <subfield code="8">53346765620006467</subfield>
  </datafield>
  <datafield tag="POC" ind1=" " ind2=" ">
    <subfield code="a">53346765620006467</subfield>
    <subfield code="b">2022</subfield>
    <subfield code="d">1</subfield>
    <subfield code="f">1</subfield>
    <subfield code="j">93</subfield>
  </datafield>
  <datafield tag="POR" ind1=" " ind2=" ">
    <subfield code="j">ISSN International Centre</subfield>
    <subfield code="x">System</subfield>
    <subfield code="a">53348545120006467</subfield>
    <subfield code="M">49HBZ_ULB</subfield>
    <subfield code="p">61320823450006467</subfield>
    <subfield code="q">ROAD: Directory of Open Access Scholarly Resources</subfield>
    <subfield code="c">param</subfield>
    <subfield code="o">614340000000000354</subfield>
    <subfield code="y">2023-07-25 20:00:41 Europe/Berlin</subfield>
    <subfield code="w">2023-07-25 20:00:30 Europe/Berlin</subfield>
    <subfield code="D">https://eu04.alma.exlibrisgroup.com/view/uresolver/49HBZ_NETWORK/openurl?u.ignore_date_coverage=true&amp;portfolio_pid=53348545120006467&amp;Force_direct=true</subfield>
    <subfield code="v">NON_SFX_CREATOR</subfield>
    <subfield code="z">2023-07-25 18:00:30</subfield>
    <subfield code="n"> Available from 2021.</subfield>
    <subfield code="i">false</subfield>
    <subfield code="S">62320823440006467</subfield>
    <subfield code="d">https://hbz-network.userservices.exlibrisgroup.com/view/uresolver/49HBZ_NETWORK/openurl?u.ignore_date_coverage=true&amp;rft.mms_id=991045256535106467</subfield>
    <subfield code="b">Available</subfield>
    <subfield code="f">JOURNAL</subfield>
    <subfield code="8">53348545120006467</subfield>
  </datafield>
  <datafield tag="POC" ind1=" " ind2=" ">
    <subfield code="a">53348545120006467</subfield>
    <subfield code="b">2021</subfield>
    <subfield code="d">1</subfield>
    <subfield code="f">1</subfield>
  </datafield>
  <datafield tag="POR" ind1=" " ind2=" ">
    <subfield code="j">EBSCOhost</subfield>
    <subfield code="x">System</subfield>
    <subfield code="a">53349581340006442</subfield>
    <subfield code="M">49HBZ_BIE</subfield>
    <subfield code="p">61342588620006442</subfield>
    <subfield code="q">Academic Search Ultimate</subfield>
    <subfield code="c">param</subfield>
    <subfield code="o">614340000000000211</subfield>
    <subfield code="y">2022-12-28 02:54:35 Europe/Berlin</subfield>
    <subfield code="w">2022-12-28 02:54:35 Europe/Berlin</subfield>
    <subfield code="D">https://eu04.alma.exlibrisgroup.com/view/uresolver/49HBZ_NETWORK/openurl?u.ignore_date_coverage=true&amp;portfolio_pid=53349581340006442&amp;Force_direct=true</subfield>
    <subfield code="v">electronic inventory creator</subfield>
    <subfield code="z">2022-12-28 01:54:35</subfield>
    <subfield code="n"> Available from 01/01/2021.</subfield>
    <subfield code="i">false</subfield>
    <subfield code="t">BIE-10446</subfield>
    <subfield code="S">62342588610006442</subfield>
    <subfield code="d">https://hbz-network.userservices.exlibrisgroup.com/view/uresolver/49HBZ_NETWORK/openurl?u.ignore_date_coverage=true&amp;rft.mms_id=991025971926406442</subfield>
    <subfield code="b">Available</subfield>
    <subfield code="f">JOURNAL</subfield>
    <subfield code="8">53349581340006442</subfield>
  </datafield>
  <datafield tag="POC" ind1=" " ind2=" ">
    <subfield code="a">53349581340006442</subfield>
    <subfield code="b">2021</subfield>
    <subfield code="d">1</subfield>
    <subfield code="f">1</subfield>
  </datafield>
  <datafield tag="POR" ind1=" " ind2=" ">
    <subfield code="j">EBSCOhost</subfield>
    <subfield code="x">System</subfield>
    <subfield code="a">53336581080006476</subfield>
    <subfield code="M">49HBZ_UBK</subfield>
    <subfield code="p">61333355720006476</subfield>
    <subfield code="q">EBSCOhost Academic Search Ultimate</subfield>
    <subfield code="c">param</subfield>
    <subfield code="o">614340000000000211</subfield>
    <subfield code="y">2023-08-23 10:18:44 Europe/Berlin</subfield>
    <subfield code="w">2023-08-23 10:18:34 Europe/Berlin</subfield>
    <subfield code="D">https://eu04.alma.exlibrisgroup.com/view/uresolver/49HBZ_NETWORK/openurl?u.ignore_date_coverage=true&amp;portfolio_pid=53336581080006476&amp;Force_direct=true</subfield>
    <subfield code="v">NON_SFX_CREATOR</subfield>
    <subfield code="z">2023-08-23 08:18:34</subfield>
    <subfield code="n"> Available from 01/01/2021.</subfield>
    <subfield code="i">false</subfield>
    <subfield code="S">62333355710006476</subfield>
    <subfield code="d">https://hbz-network.userservices.exlibrisgroup.com/view/uresolver/49HBZ_NETWORK/openurl?u.ignore_date_coverage=true&amp;rft.mms_id=991055606929906476</subfield>
    <subfield code="b">Available</subfield>
    <subfield code="f">JOURNAL</subfield>
    <subfield code="8">53336581080006476</subfield>
  </datafield>
  <datafield tag="POC" ind1=" " ind2=" ">
    <subfield code="a">53336581080006476</subfield>
    <subfield code="b">2021</subfield>
    <subfield code="d">1</subfield>
    <subfield code="f">1</subfield>
  </datafield>
  <datafield tag="POR" ind1=" " ind2=" ">
    <subfield code="j">EBSCOhost</subfield>
    <subfield code="x">System</subfield>
    <subfield code="a">53652173090006449</subfield>
    <subfield code="M">49HBZ_ULM</subfield>
    <subfield code="p">61626439410006449</subfield>
    <subfield code="q">EBSCOhost Academic Search Ultimate</subfield>
    <subfield code="c">param</subfield>
    <subfield code="o">614340000000000211</subfield>
    <subfield code="y">2022-12-28 03:31:47 Europe/Berlin</subfield>
    <subfield code="w">2022-12-28 03:31:47 Europe/Berlin</subfield>
    <subfield code="D">https://eu04.alma.exlibrisgroup.com/view/uresolver/49HBZ_NETWORK/openurl?u.ignore_date_coverage=true&amp;portfolio_pid=53652173090006449&amp;Force_direct=true</subfield>
    <subfield code="v">electronic inventory creator</subfield>
    <subfield code="z">2022-12-28 02:31:47</subfield>
    <subfield code="n"> Available from 01/01/2021.</subfield>
    <subfield code="i">false</subfield>
    <subfield code="S">62626439400006449</subfield>
    <subfield code="d">https://hbz-network.userservices.exlibrisgroup.com/view/uresolver/49HBZ_NETWORK/openurl?u.ignore_date_coverage=true&amp;rft.mms_id=991044919564006449</subfield>
    <subfield code="b">Available</subfield>
    <subfield code="f">JOURNAL</subfield>
    <subfield code="8">53652173090006449</subfield>
  </datafield>
  <datafield tag="POC" ind1=" " ind2=" ">
    <subfield code="a">53652173090006449</subfield>
    <subfield code="b">2021</subfield>
    <subfield code="d">1</subfield>
    <subfield code="f">1</subfield>
  </datafield>
</record>
